@book{linreg,
language = {Englisch},
author = {John R. Taylor},
title = {An introduction to error analysis},
shorttitle = {},
publisher = {University Science Books},
adress = {Sausalito, CA},
year = {1997},
edition = {2}
}