@book{linreg,
language = {Englisch},
author = {John R. Taylor},
title = {An introduction to error analysis},
shorttitle = {},
publisher = {University Science Books},
adress = {Sausalito, CA},
year = {1997},
edition = {2}
}
@book{anleitung,
language = {Deutsch},
author = {},
title = {Versuch Nr.606 - Messung der Suszeptibilität paramagnetischer Substanzen},
shorttitle = {},
publisher = {},
adress = {},
year = {}
edition = {}
}
@book{tafel,
language = {Deutsch},
author = {Dr. Rolf Winter},
title = {Das große Tafelwerk},
shorttitle = {},
publisher = {Cornelsen},
adress = {Berlin},
year = {2009}
edition = {1}
}