@book{,
language = {},
author = {},
title = {},
shorttitle = {},
publisher = {},
adress = {},
year = {},
edition = {}
}